@book{gelman2013bayesian,
  title={Bayesian Data Analysis},
  author={Gelman, Andrew and Carlin, John B and Stern, Hal S and Dunson, David B and Vehtari, Aki and Rubin, Donald B},
  year={2013},
  publisher={CRC Press}
}

@article{papamakarios2019normalizing,
  title={Normalizing flows for probabilistic modeling and inference},
  author={Papamakarios, George and Nalisnick, Eric and Rezende, Danilo Jimenez and Mohamed, Shakir and Lakshminarayanan, Balaji},
  journal={arXiv preprint arXiv:1912.02762},
  year={2019}
}

@inproceedings{rezende2015variational,
  title={Variational inference with normalizing flows},
  author={Rezende, Danilo and Mohamed, Shakir},
  booktitle={International conference on machine learning},
  pages={1530--1538},
  year={2015},
  organization={PMLR}
}

@article{dinh2016density,
  title={Density estimation using real nvp},
  author={Dinh, Laurent and Sohl-Dickstein, Jascha and Bengio, Samy},
  journal={arXiv preprint arXiv:1605.08803},
  year={2016}
}

@article{ramasinghe2021robust,
  title={Robust normalizing flows using Bernstein-type polynomials},
  author={Ramasinghe, Sameera and Fernando, Kasun and Khan, Salman and Barnes, Nick},
  journal={arXiv preprint arXiv:2102.03509},
  year={2021}
}

@inproceedings{yao2018yes,
  title={Yes, but did it work?: Evaluating variational inference},
  author={Yao, Yuling and Vehtari, Aki and Simpson, Daniel and Gelman, Andrew},
  booktitle={International Conference on Machine Learning},
  pages={5581--5590},
  year={2018},
  organization={PMLR}
}

@article{blei2017variational,
  title={Variational inference: A review for statisticians},
  author={Blei, David M and Kucukelbir, Alp and McAuliffe, Jon D},
  journal={Journal of the American statistical Association},
  volume={112},
  number={518},
  pages={859--877},
  year={2017},
  publisher={Taylor \& Francis}
}

@misc{berg2019sylvester,
      title={Sylvester Normalizing Flows for Variational Inference}, 
      author={Rianne van den Berg and Leonard Hasenclever and Jakub M. Tomczak and Max Welling},
      year={2019},
      eprint={1803.05649},
      archivePrefix={arXiv},
      primaryClass={stat.ML}
}

@article{kingma2016improved,
  title={Improved variational inference with inverse autoregressive flow},
  author={Kingma, Durk P and Salimans, Tim and Jozefowicz, Rafal and Chen, Xi and Sutskever, Ilya and Welling, Max},
  journal={Advances in neural information processing systems},
  volume={29},
  pages={4743--4751},
  year={2016}
}

@article{kingma2014adam,
  title={Adam: A method for stochastic optimization},
  author={Kingma, Diederik P and Ba, Jimmy},
  journal={arXiv preprint arXiv:1412.6980},
  year={2014}
}

@article{bingham2019pyro,
  title={Pyro: Deep universal probabilistic programming},
  author={Bingham, Eli and Chen, Jonathan P and Jankowiak, Martin and Obermeyer, Fritz and Pradhan, Neeraj and Karaletsos, Theofanis and Singh, Rohit and Szerlip, Paul and Horsfall, Paul and Goodman, Noah D},
  journal={The Journal of Machine Learning Research},
  volume={20},
  number={1},
  pages={973--978},
  year={2019},
  publisher={JMLR. org}
}

@article{kumar2019arviz,
  title={ArviZ a unified library for exploratory analysis of Bayesian models in Python},
  author={Kumar, Ravin and Carroll, Colin and Hartikainen, Ari and Martin, Osvaldo},
  journal={Journal of Open Source Software},
  volume={4},
  number={33},
  pages={1143},
  year={2019},
  publisher={The Open Journal}
}

@article{rubin1981estimation,
  title={Estimation in parallel randomized experiments},
  author={Rubin, Donald B},
  journal={Journal of Educational Statistics},
  volume={6},
  number={4},
  pages={377--401},
  year={1981},
  publisher={Sage Publications Sage CA: Thousand Oaks, CA}
}

@article{carpenter2017stan,
  title={Stan: A probabilistic programming language},
  author={Carpenter, Bob and Gelman, Andrew and Hoffman, Matthew D and Lee, Daniel and Goodrich, Ben and Betancourt, Michael and Brubaker, Marcus and Guo, Jiqiang and Li, Peter and Riddell, Allen},
  journal={Journal of statistical software},
  volume={76},
  number={1},
  pages={1--32},
  year={2017}
}
